@book{1,
    author = {Le Roy Edwin Froom},
    title = {Prophetic Faith of Our Fathers},
    volume = {4},
	year = {1954},
	publisher = {Review and Herald Publishing Association}
}

@book{7,
    author = {Ellen G. White},
    title = {Early Writings},
    year = {1882},
	publisher = {Review and Herald Publishing Association}
}

@book{8,
    author = {Ellen G. White},
    title = {The Great Controversy},
	year = {1888},
	publisher = {Pacific Press Publishing Association}
}

@book{10,
    author = {Ellen G. White},
    title = {Evangelism},
    year = {1946},
	publisher = {Review and Herald Publishing Association}
}

@misc{11,
    author = {Ellen G. White},
    title = {Letter 10},
    year = {1895},
	url = {https://m.egwwritings.org/en/book/6286.2000001#12}
}

@book{12,
    author = {Ellen G. White},
    title = {Fundamentals of Christian Education},
    year = {1923},
	publisher = {Southern Publishing Association}
}

@book{12a,
    author = {Ellen G. White},
    title = {Selected Messages, book 1},
    year = {1958},
	publisher = {Review and Herald Publishing Association}
}

@book{12b,
    author = {Ellen G. White},
    title = {Selected Messages, book 2},
    year = {1958},
	publisher = {Review and Herald Publishing Association}
}

@book{12c,
    author = {Ellen G. White},
    title = {Counsels to Writers and Editors},
    year = {1946},
    pages = {145},
	publisher = {Southern Publishing Association}
}

@book{12d,
    author = {Ellen G. White},
    title = {Testimonies for the Church},
    volume = {5},
    year = {1889},
	publisher = {Pacific Press Publishing Association}
}

@book{12e,
    author = {Ellen G. White},
    title = {Testimonies for the Church},
    volume = {6},
    year = {1901},
	publisher = {Pacific Press Publishing Association}
}

@book{12g,
    author = {Ellen G. White},
    title = {Colporteur Ministry},
	year = {1953},
	publisher = {Pacific Press Publishing Association}
}

@book{14,
    title = {Comprehensive Index to the Writings of Ellen G. White},
    publisher = {Pacific Press},
	author = {Ellen G. White Estate Trustees},
    year = {1962}
}

@book{13b,
    author = {Ellen G. White},
    title = {Selected Messages, book 3},
	publisher = {Review and Herald Publishing Association},
	year = {1980}
}

@misc{15a,
	author = {Ellen G. White},
	title = {Letter 37},
	year = {1887},
	url = {https://m.egwwritings.org/en/book/4503.2000001}
}

@book{15b,
	author = {J. H. Waggoner},
	title = {The Law of God: An Examination of the Testimony of Both Testaments},
	year = {1854},
	publisher = {Published at the Advent Review Office},
}

@book{16,
    author = {Ellen G. White},
    title = {Sketches from the Life of Paul},
	year = {1883},
	publisher = {Review and Herald Publishing Association}
}

@book{19,
    author = {Ellen G. White},
    title = {The Acts of the Apostles},
	year = {1911},
	publisher = {Pacific Press Publishing Association}
}

@book{20,
    author = {D. M. Canright},
    title = {Seventh-day Adventism Renounced},
	year = {1888}
}

@book{20a,
    author = {Raymond F. Cottrell},
    title = {The Eschatology of Daniel},
    year = {1996},
    note = {unpublished; Center for Adventist Research collection 238, call \# 024303}
}

@book{21,
    author = {Albion F. Ballenger},
    title = {Cast Out for the Cross of Christ},
	year = {1909}
}

@book{22,
    author = {W. W. Fletcher},
    title = {The Reasons for My Faith},
	publisher = {William Brooks \& Co., Ltd},
	year = {1932}
}

@book{24,
    author = {Desmond Ford},
    title = {Daniel 8:14, the Day of Atonement and the Investigative Judgement},
    edition = {Glacier View},
    publisher = {Euangelion Press},
    year = {1980}
}

@book{24a,
    author = {Desmond Ford},
    title = {Daniel 8:14, the Day of Atonement and the Investigative Judgement},
    edition = {printed},
    publisher = {Euangelion Press},
    year = {1980}
}

@book{25b,
    author = {Raymond F. Cottrell},
    title = {Dr. Desmond Ford's Position on the Sanctuary},
    year = {1986}
}

@inproceedings{25c,
    author = {Raymond F. Cottrell},
    title = {The Sanctuary Review Commitee and Its New Consensus},
    booktitle = {Spectrum},
    pages = {2-26},
    number = {11},
    series = {2},
    year = {1980},
    note = {Center for Adventist Research collection 230, call \# 024158}
}

@book{25d,
    author = {Raymond F. Cottrell},
    title = {Group Dynamics at Glacier View},
    year = {1987},
    note = {unpublished; Center for Adventist Research collection 238, call \# 024159}
}

@book{25e,
    author = {Raymond F. Cottrell},
    title = {A Post-morten on Glacier View},
    note = {unpublished; Center for Adventist Research collection 238, call \# 024163}
}

@book{25f,
    author = {Raymond F. Cottrell},
    title = {A Hermeneutic for Daniel 8:14},
    year = {1980}, 
    note = {unpublished; Center for Adventist Research collection 238, call \# 024161}
}

@book{25g,
    author = {Raymond F. Cottrell},
    title = {Report of a Poll of Adventist Bible Scholars Concerning Daniel 8:14 and Hebrews 9},
    year = {1980},
    note = {unpublished; Center for Adventist Research collection 238, call \# 024160}
}

@book{27a,
    author = {Dale Ratzlaff},
    title = {The Cultic Doctrine of Seventh-day Adventists},
    year = {1996},
    publisher = {Life Assurance Ministries}
}

@book{27b,
    author = {Jerry Gladstone},
    title = {A Theologian's Journey from Seventh-day Adventism to Mainstream Christianity},
    year = {2001},
    publisher = {Life Assurance Ministries}
}

@book{31,
    author = {Ellen G. White},
    title = {Evangelism},
    year = {1946}
}

@book{32a,
    author = {Raymond F. Cottrell},
    title = {Questions on Doctrine: A Historical-Critical Evaluation},
    year = {1991},
    note = {unpublished; Center for Adventist Research collection 238, call \# 024017}
}

@book{32b,
    author = {Raymond F. Cottrell},
    title = {Questions on Doctrine: Footnotes to History},
    year = {1989},
    note = {unpublished; Center for Adventist Research collection 238, call \# 024018}
}

@inproceedings{33,
    author = {Donald G. Barnhouse},
    booktitle = {Eternity},
    year = {1956},
    month = {September},
    pages = {6-7, 33-35},
    number = {67},
    series = {7}
}

@book{34,
    author = {Raymond F. Cottrell},
    title = {An Evaluation of Certain Aspects of the Martin Articles},
    year = {1957},
    note = {unpublished; Center for Adventist Research collection 238, call \# 024020}
}

@book{34a,
    title = {Seventh-day Adventists Answer Questions on Doctrine},
    year = {1957},
    publisher = {Review and Herald Publishing Association}
}

@incollection{35,
    author = {Raymond F. Cottrell},
    title = {The Role of Israel in Old Testament Prophecy},
    booktitle = {SDA Bible Commentary},
    volume = {4},
    pages = {25-38},
    year = {1955},
    note = {Center for Adventist Research collection 238, call \# 024088}
}

@book{42a,
	author = {Flavius Josephus},
	title = {Antiquities of the Jews},
    year = {c. 93}
}

@book{42aa,
	author = {Flavius Josephus},
	title = {Wars of the Jews},
    year = {c. 75}
}

@book{42b,
	author = {Abba Hillel Silver},
	title = {A History of Messianic Speculation in Israel from the First through the Seventeenth Centuries},
    year = {1927},
    publisher = {Macmillan Company}
}

@book{42c,
	author = {Joseph Klausner},
	title = {The Messianic Idea In Israel: From Its Beginning To The Completion Of The Mishnab},
    year = {1954},
    publisher = {Macmillan Company}
}

@inbook{53a,
    author = {Committee on Problems in Bible Translation},
    title = {Problems in Bible Translation},
    pages = {79-127},
    year = {1954},
    publisher = {The Review and Herald Publishing Association}
}

@conference{53b,
    author = {Raymond F. Cottrell},
    title = {Hermeneutics: What Difference Does It Make?},
    year = {1995},
    month = {October},
    organization = {San Diego chapter of the Association of Adventist Forum},
    note = {Center for Adventist Research collection 238, call \# 024041}
}

@book{53c,
    author = {Raymond F. Cottrell},
    title = {Ellen G. White and the Bible},
    year = {1991},
    url = {https://adventistdigitallibrary.org/adl-366833/ellen-g-white-and-bible},
    note = {Center for Adventist Research collection 238, call \# 024171}
}

@book{53d,
    author = {Raymond F. Cottrell},
    title = {The Role of Biblical Hermeneutics in Preserving Unity in the Church},
    note = {unpublished; Center for Adventist Research collection 238, call \# 024048}
}

@book{55,
    author = {Raymond F. Cottrell},
    title = {Historical Conditioning in the Bible and the Writings of Ellen G. White},
    year = {1971},
    note = {unpublished; written on assignment by and for the Biblical Research Commitee (BRC/BRI); Center for Adventist Research collection 238, call \# 024172}
}

@book{58a,
    title = {Biblia Hebraica},
    author = {Rudolf Kittel},
    edition = {third},
    year = {1937}
}

@book{58b,
    title = {Lexicon in Veteris Testamenti Libros},
    author = {L. Koehler and W. Baumgartner},
    year = {1985},
    publisher = {E. J. Brill}
}

@book{58c,
    title = {Theological Dictionary of the Old Testament},
    author = {G. Johannes Botterweck, Helmer Ringgren, Heinz-Josef Fabry}
}

@book{60,
    title = {The King Jame Bible Word Book},
    author = {Ronald Bridges and Luther A. Weigle},
    year = {1994},
	publisher = {Thomas Nelson Publishers}
}

@book{64,
    title = {Analytical Concordance to the Bible},
    author = {Robert Young},
    year = {1910}
}

@book{68,
	author = {Raymond F. Cottrell},
	title = {Adventism in the Twentieth Century},
    year = {2000},
    note = {unpublished; Center for Adventist Research collection 238, call \# 024196}
}

@book{71,
    author = {Raymond F. Cottrell},
    title = {The Adventist Theological Society and Its Biblical Hermeneutic},
    year = {1992},
    note = {unpublished; Center for Adventist Research collection 238, call \# 024011}
}

@book{102c,
    author = {Le Roy Edwin Froom},
    title = {Prophetic Faith of Our Fathers},
    volume = {1},
	year = {1950},
	publisher = {Review and Herald Publishing Association}
}

@book{102d,
    author = {Le Roy Edwin Froom},
    title = {Prophetic Faith of Our Fathers},
    volume = {2},
	year = {1948},
	publisher = {Review and Herald Publishing Association}
}

@book{134a,
	author = {R. Allen Anderson},
	title = {Minutes of Council of Teachers in Bible, Seventh-day Adventist Colleges},
	year = {1940},
	month = {July 30 to August 25}
}

@book{134b,
	author = {L.\ H.\ Hartin},
	title = {Report of Bible Teachers' Council},
	year = {1950},
	month = {July 23-31}
}

@book{137,
	author = {Raymond F. Cottrell},
	title = {Let Us Have an Associate Secretary for Bible Research in the Ministerial Association},
	year = {1951},
    note = {unpublished; Center for Adventist Research collection 238, call \# 024004}
}

@book{138a,
	author = {Raymond F. Cottrell},
	title = {A Draft Proposal for an Adventist Institute of Biblical Studies},
	year = {1966},
    note = {unpublished; Center for Adventist Research collection 238, call \# 024004}
}

@book{138b,
	author = {Raymond F. Cottrell},
	title = {Twenty-five Years of Cooperative Research-type Bible Study}
}

@inproceedings{139,
    author = {Raymond F. Cottrell},
    title = {The Untold Story of the Bible Commentary},
    booktitle = {Spectrum},
    pages = {34-51},
    number = {3},
    series = {16},
    year = {1985},
    note = {Center for Adventist Research collection 238, call \# 024014}
}

@book{145,
	author = {Raymond F. Cottrell},
	title = {Architects of Crisis: A Decade of Obscurantism},
	year = {1984},
    note = {unpublished; Center for Adventist Research collection 238, call \# 024006}
}

@inproceedings{153a,
	author = {Warren C. Trenchard},
	title = {In the Shadow of the Sanctuary},
	booktitle = {Spectrum},
	pages = {26-29},
	number = {2},
	series = {11},
	year = {1980}
}

@inproceedings{153b,
	author = {Alden Thompson},
	title = {Theological Consultation II},
	booktitle = {Spectrum},
	pages = {40-52},
	number = {2},
	series = {12},
	year = {1981}
}

@book{154,
	editor = {Frank B. Holbrook},
	title = {Daniel \& Revelation Committee Series (DARCOM)},
	year = {1986-1992},
	publisher = {General Conference Biblical Research Institute}
}

@book{155,
	author = {Raymond F. Cottrell},
	title = {The Annual Council Statement on Methods of Bible Study},
	year = {1987},
    note = {unpublished; Center for Adventist Research collection 238, call \# 024019}
}
